<record><leader>00000cas a22000007a 4500</leader><controlfield tag="001">23359857</controlfield><controlfield tag="008">910401d19771977coucr ne      0    0eng d</controlfield><datafield ind1=" " ind2=" " tag="010"><subfield code="a">sn 91052420 </subfield></datafield><datafield ind1=" " ind2=" " tag="040"><subfield code="a">CNQ</subfield><subfield code="b">eng</subfield><subfield code="c">CNQ</subfield><subfield code="d">OCLCQ</subfield></datafield><datafield ind1=" " ind2=" " tag="042"><subfield code="a">msc</subfield></datafield><datafield ind1="0" ind2="4" tag="245"><subfield code="a">The Summit County sentinel and the Frisco news.</subfield></datafield><datafield ind1=" " ind2=" " tag="260"><subfield code="a">Dillon, Colo. :</subfield><subfield code="b">Bill King</subfield></datafield><datafield ind1=" " ind2=" " tag="300"><subfield code="a">v.</subfield></datafield><datafield ind1=" " ind2=" " tag="310"><subfield code="a">Semiweekly</subfield></datafield><datafield ind1="0" ind2=" " tag="362"><subfield code="a">Vol. 9, no. 61 (Apr. 22, 1977)-v. 10, no. 1 (Aug. 31, 1977).</subfield></datafield><datafield ind1=" " ind2=" " tag="580"><subfield code="a">Weekly ed.: Summit sentinel's Frisco news.</subfield></datafield><datafield ind1=" " ind2=" " tag="752"><subfield code="a">United States</subfield><subfield code="b">Colorado</subfield><subfield code="c">Summit</subfield><subfield code="d">Dillon.</subfield></datafield><datafield ind1="1" ind2=" " tag="775"><subfield code="t">Summit sentinel's Frisco news</subfield><subfield code="w">(DLC)sn 91052423</subfield></datafield><datafield ind1="0" ind2="0" tag="780"><subfield code="t">Summit County sentinel</subfield><subfield code="w">(DLC)sn 91052419</subfield></datafield><datafield ind1="0" ind2="0" tag="785"><subfield code="t">Summit sentinel and the Frisco news</subfield><subfield code="w">(DLC)sn 91052421</subfield></datafield></record>